<?xml version="1.0" encoding="UTF-8"?><record xmlns="http://www.loc.gov/MARC21/slim" xmlns:cinclude="http://apache.org/cocoon/include/1.0" xmlns:zs="http://www.loc.gov/zing/srw/">
  <leader>00377nz  a2200133n  4500</leader>
  <controlfield tag="001">no 95045804 </controlfield>
  <controlfield tag="003">DLC</controlfield>
  <controlfield tag="005">19950928052536.2</controlfield>
  <controlfield tag="008">950927n| acannaab|          |n aaa     c</controlfield>
  <datafield tag="010" ind1=" " ind2=" ">
    <subfield code="a">no 95045804 </subfield>
  </datafield>
  <datafield tag="035" ind1=" " ind2=" ">
    <subfield code="a">(OCoLC)oca03927087 </subfield>
  </datafield>
  <datafield tag="040" ind1=" " ind2=" ">
    <subfield code="a">OCl</subfield>
    <subfield code="c">OCl</subfield>
  </datafield>
  <datafield tag="100" ind1="1" ind2="0">
    <subfield code="a">Taketomo, Torao</subfield>
  </datafield>
  <datafield tag="670" ind1=" " ind2=" ">
    <subfield code="a">Victorian poets, 1925:</subfield>
    <subfield code="b">t.p. (Torao Taketomo; prof. of English, Tokyo Higher Normal Sch.)</subfield>
  </datafield>
</record>